<record><leader>00000cas a2200000 a 4500</leader><controlfield tag="001">13803624</controlfield><controlfield tag="008">860630d192u1966inuwr ne      0    0eng c</controlfield><datafield ind1=" " ind2=" " tag="010"><subfield code="a">sn 86058645 </subfield></datafield><datafield ind1=" " ind2=" " tag="040"><subfield code="a">NPI</subfield><subfield code="b">eng</subfield><subfield code="c">NPI</subfield><subfield code="d">MHN</subfield><subfield code="d">OCL</subfield><subfield code="d">OCLCQ</subfield><subfield code="d">OCLCO</subfield></datafield><datafield ind1="1" ind2=" " tag="029"><subfield code="a">AU@</subfield><subfield code="b">000004693743</subfield></datafield><datafield ind1=" " ind2=" " tag="042"><subfield code="a">pcc</subfield></datafield><datafield ind1=" " ind2=" " tag="043"><subfield code="a">n-us-in</subfield></datafield><datafield ind1="0" ind2="4" tag="245"><subfield code="a">The Noblesville morning times.</subfield></datafield><datafield ind1=" " ind2=" " tag="260"><subfield code="a">Noblesville, Ind. :</subfield><subfield code="b">Daily M. Hudler</subfield></datafield><datafield ind1=" " ind2=" " tag="300"><subfield code="a">v. :</subfield><subfield code="b">ill. ;</subfield><subfield code="c">58 cm.</subfield></datafield><datafield ind1=" " ind2=" " tag="310"><subfield code="a">Weekly,</subfield><subfield code="b">&lt;1925&gt;-1966</subfield></datafield><datafield ind1=" " ind2=" " tag="321"><subfield code="a">Three times a week,</subfield><subfield code="b">&lt;1923-1924&gt;</subfield></datafield><datafield ind1="1" ind2=" " tag="362"><subfield code="a">Began in 1922 or 1923.</subfield><subfield code="z">Cf. N.W. Ayer &amp; Son American newspaper annual and directory.</subfield></datafield><datafield ind1="0" ind2=" " tag="362"><subfield code="a">-v. 93, no. 3 (Oct. 7, 1966).</subfield></datafield><datafield ind1=" " ind2=" " tag="500"><subfield code="a">Issue called: Hamilton County Centennial ed., Sept. 27, 1923.</subfield></datafield><datafield ind1=" " ind2=" " tag="500"><subfield code="a">Democratic Cf. Ayer.</subfield></datafield><datafield ind1=" " ind2=" " tag="588"><subfield code="a">Description based on: Vol. 53, no. 2 (Sept. 27, 1923).</subfield></datafield><datafield ind1=" " ind2="0" tag="651"><subfield code="a">Noblesvile (Ind.)</subfield><subfield code="v">Newspapers.</subfield></datafield><datafield ind1=" " ind2="0" tag="651"><subfield code="a">Hamilton County (Ind.)</subfield><subfield code="v">Newspapers.</subfield></datafield><datafield ind1=" " ind2=" " tag="752"><subfield code="a">United States</subfield><subfield code="b">Indiana</subfield><subfield code="c">Hamilton</subfield><subfield code="d">Noblesville.</subfield></datafield><datafield ind1="0" ind2="0" tag="780"><subfield code="t">Hamilton County times</subfield><subfield code="w">(DLC)sn 86058644</subfield><subfield code="w">(OCoLC)13803602</subfield></datafield><datafield ind1="0" ind2="0" tag="785"><subfield code="t">Noblesville times</subfield><subfield code="w">(DLC)sn 86058646</subfield><subfield code="w">(OCoLC)13803670</subfield></datafield></record>